@incollection{Chomsky2011,
  author    = {Noam Chomsky},
  title     = {The function of schools: Subtler and cruder methods of control},
  booktitle = {Education as enforcement: The militarization and corporatization of schools},
  editor    = {K. J. Saltman and D. A. Gabbard},
  edition   = {2nd},
  pages     = {26--35},
  year      = {2011},
  publisher = {Routledge},
}

@article{Heredia2024,
  author    = {B. Heredia},
  title     = {El para qué de la educación escolarizada: Una mirada desde México},
  journal   = {Revista Latinoamericana de Estudios Educativos (RLEE)},
  volume    = {54},
  pages     = {431--454},
  year      = {2024},
  doi       = {10.48102/rlee.2024.54.3},
  url       = {https://doi.org/10.48102/rlee.2024.54.3},
}
